<?xml version="1.0" encoding="UTF-8"?><collection xmlns="http://www.loc.gov/MARC21/slim"><record><leader>00395nam--2200145-i-4500</leader><controlfield tag="001">000009657</controlfield><controlfield tag="002">20161230</controlfield><controlfield tag="005">20161230201028</controlfield><controlfield tag="008">060222s1000------------r-----000-0-eng-d</controlfield><datafield ind1=" " ind2=" " tag="080"><subfield code="a">621.039.526</subfield></datafield><datafield ind1=" " ind2=" " tag="100"><subfield code="a">Aass, H. L</subfield></datafield><datafield ind1=" " ind2=" " tag="245"><subfield code="a">Heissdampfreislauf fur den fr 2 zu konta- minationsstudien(hdk-loop)</subfield></datafield><datafield ind1=" " ind2=" " tag="260"><subfield code="a">Karlsruhe,Kernforschungsentrum, 1971 /Pag.Dif.</subfield></datafield><datafield ind1=" " ind2=" " tag="490"><subfield code="a">1308</subfield></datafield><datafield ind1=" " ind2=" " tag="852"><subfield code="a">18754</subfield></datafield></record></collection>